%YAML 1.1
%TAG !u! tag:unity3d.com,2011:
--- !u!29 &1
OcclusionCullingSettings:
  m_ObjectHideFlags: 0
  serializedVersion: 2
  m_OcclusionBakeSettings:
    smallestOccluder: 5
    smallestHole: 0.25
    backfaceThreshold: 100
  m_SceneGUID: 00000000000000000000000000000000
  m_OcclusionCullingData: {fileID: 0}
--- !u!104 &2
RenderSettings:
  m_ObjectHideFlags: 0
  serializedVersion: 9
  m_Fog: 0
  m_FogColor: {r: 0.5, g: 0.5, b: 0.5, a: 1}
  m_FogMode: 3
  m_FogDensity: 0.01
  m_LinearFogStart: 0
  m_LinearFogEnd: 300
  m_AmbientSkyColor: {r: 0.212, g: 0.227, b: 0.259, a: 1}
  m_AmbientEquatorColor: {r: 0.114, g: 0.125, b: 0.133, a: 1}
  m_AmbientGroundColor: {r: 0.047, g: 0.043, b: 0.035, a: 1}
  m_AmbientIntensity: 1
  m_AmbientMode: 0
  m_SubtractiveShadowColor: {r: 0.42, g: 0.478, b: 0.627, a: 1}
  m_SkyboxMaterial: {fileID: 10304, guid: 0000000000000000f000000000000000, type: 0}
  m_HaloStrength: 0.5
  m_FlareStrength: 1
  m_FlareFadeSpeed: 3
  m_HaloTexture: {fileID: 0}
  m_SpotCookie: {fileID: 10001, guid: 0000000000000000e000000000000000, type: 0}
  m_DefaultReflectionMode: 0
  m_DefaultReflectionResolution: 128
  m_ReflectionBounces: 1
  m_ReflectionIntensity: 1
  m_CustomReflection: {fileID: 0}
  m_Sun: {fileID: 705507994}
  m_IndirectSpecularColor: {r: 0.45104873, g: 0.5008823, b: 0.57420486, a: 1}
  m_UseRadianceAmbientProbe: 0
--- !u!157 &3
LightmapSettings:
  m_ObjectHideFlags: 0
  serializedVersion: 12
  m_GIWorkflowMode: 1
  m_GISettings:
    serializedVersion: 2
    m_BounceScale: 1
    m_IndirectOutputScale: 1
    m_AlbedoBoost: 1
    m_EnvironmentLightingMode: 0
    m_EnableBakedLightmaps: 1
    m_EnableRealtimeLightmaps: 0
  m_LightmapEditorSettings:
    serializedVersion: 12
    m_Resolution: 2
    m_BakeResolution: 40
    m_AtlasSize: 1024
    m_AO: 0
    m_AOMaxDistance: 1
    m_CompAOExponent: 1
    m_CompAOExponentDirect: 0
    m_ExtractAmbientOcclusion: 0
    m_Padding: 2
    m_LightmapParameters: {fileID: 0}
    m_LightmapsBakeMode: 1
    m_TextureCompression: 1
    m_FinalGather: 0
    m_FinalGatherFiltering: 1
    m_FinalGatherRayCount: 256
    m_ReflectionCompression: 2
    m_MixedBakeMode: 2
    m_BakeBackend: 1
    m_PVRSampling: 1
    m_PVRDirectSampleCount: 32
    m_PVRSampleCount: 500
    m_PVRBounces: 2
    m_PVREnvironmentSampleCount: 500
    m_PVREnvironmentReferencePointCount: 2048
    m_PVRFilteringMode: 2
    m_PVRDenoiserTypeDirect: 0
    m_PVRDenoiserTypeIndirect: 0
    m_PVRDenoiserTypeAO: 0
    m_PVRFilterTypeDirect: 0
    m_PVRFilterTypeIndirect: 0
    m_PVRFilterTypeAO: 0
    m_PVREnvironmentMIS: 0
    m_PVRCulling: 1
    m_PVRFilteringGaussRadiusDirect: 1
    m_PVRFilteringGaussRadiusIndirect: 5
    m_PVRFilteringGaussRadiusAO: 2
    m_PVRFilteringAtrousPositionSigmaDirect: 0.5
    m_PVRFilteringAtrousPositionSigmaIndirect: 2
    m_PVRFilteringAtrousPositionSigmaAO: 1
    m_ExportTrainingData: 0
    m_TrainingDataDestination: TrainingData
    m_LightProbeSampleCountMultiplier: 4
  m_LightingDataAsset: {fileID: 112000000, guid: 3e889c33055ed2d40a4654ba9311c5d1, type: 2}
  m_LightingSettings: {fileID: 4890085278179872738, guid: d4613de492d60c64aa9ceea888f72cba, type: 2}
--- !u!196 &4
NavMeshSettings:
  serializedVersion: 2
  m_ObjectHideFlags: 0
  m_BuildSettings:
    serializedVersion: 2
    agentTypeID: 0
    agentRadius: 0.5
    agentHeight: 2
    agentSlope: 45
    agentClimb: 0.4
    ledgeDropHeight: 0
    maxJumpAcrossDistance: 0
    minRegionArea: 2
    manualCellSize: 0
    cellSize: 0.16666667
    manualTileSize: 0
    tileSize: 256
    accuratePlacement: 0
    maxJobWorkers: 0
    preserveTilesOutsideBounds: 0
    debug:
      m_Flags: 0
  m_NavMeshData: {fileID: 0}
--- !u!1 &615890648
GameObject:
  m_ObjectHideFlags: 0
  m_CorrespondingSourceObject: {fileID: 0}
  m_PrefabInstance: {fileID: 0}
  m_PrefabAsset: {fileID: 0}
  serializedVersion: 6
  m_Component:
  - component: {fileID: 615890650}
  - component: {fileID: 615890649}
  m_Layer: 0
  m_Name: Spot Light (1)
  m_TagString: Untagged
  m_Icon: {fileID: 0}
  m_NavMeshLayer: 0
  m_StaticEditorFlags: 0
  m_IsActive: 1
--- !u!108 &615890649
Light:
  m_ObjectHideFlags: 0
  m_CorrespondingSourceObject: {fileID: 0}
  m_PrefabInstance: {fileID: 0}
  m_PrefabAsset: {fileID: 0}
  m_GameObject: {fileID: 615890648}
  m_Enabled: 1
  serializedVersion: 10
  m_Type: 0
  m_Shape: 0
  m_Color: {r: 0.9997428, g: 1, b: 0.7971698, a: 1}
  m_Intensity: 1
  m_Range: 10
  m_SpotAngle: 111.08481
  m_InnerSpotAngle: 21.80208
  m_CookieSize: 10
  m_Shadows:
    m_Type: 2
    m_Resolution: -1
    m_CustomResolution: -1
    m_Strength: 1
    m_Bias: 0.05
    m_NormalBias: 0.4
    m_NearPlane: 0.2
    m_CullingMatrixOverride:
      e00: 1
      e01: 0
      e02: 0
      e03: 0
      e10: 0
      e11: 1
      e12: 0
      e13: 0
      e20: 0
      e21: 0
      e22: 1
      e23: 0
      e30: 0
      e31: 0
      e32: 0
      e33: 1
    m_UseCullingMatrixOverride: 0
  m_Cookie: {fileID: 0}
  m_DrawHalo: 0
  m_Flare: {fileID: 0}
  m_RenderMode: 0
  m_CullingMask:
    serializedVersion: 2
    m_Bits: 4294967295
  m_RenderingLayerMask: 1
  m_Lightmapping: 1
  m_LightShadowCasterMode: 0
  m_AreaSize: {x: 1, y: 1}
  m_BounceIntensity: 1
  m_ColorTemperature: 6570
  m_UseColorTemperature: 0
  m_BoundingSphereOverride: {x: 0, y: 0, z: 0, w: 0}
  m_UseBoundingSphereOverride: 0
  m_ShadowRadius: 0.16
  m_ShadowAngle: 0
--- !u!4 &615890650
Transform:
  m_ObjectHideFlags: 0
  m_CorrespondingSourceObject: {fileID: 0}
  m_PrefabInstance: {fileID: 0}
  m_PrefabAsset: {fileID: 0}
  m_GameObject: {fileID: 615890648}
  m_LocalRotation: {x: 0.7071068, y: 0, z: 0, w: 0.7071068}
  m_LocalPosition: {x: -0.26, y: 3.15, z: -5.23}
  m_LocalScale: {x: 1, y: 1, z: 1}
  m_Children: []
  m_Father: {fileID: 0}
  m_RootOrder: 4
  m_LocalEulerAnglesHint: {x: 90, y: 0, z: 0}
--- !u!1 &705507993
GameObject:
  m_ObjectHideFlags: 0
  m_CorrespondingSourceObject: {fileID: 0}
  m_PrefabInstance: {fileID: 0}
  m_PrefabAsset: {fileID: 0}
  serializedVersion: 6
  m_Component:
  - component: {fileID: 705507995}
  - component: {fileID: 705507994}
  m_Layer: 0
  m_Name: Directional Light
  m_TagString: Untagged
  m_Icon: {fileID: 0}
  m_NavMeshLayer: 0
  m_StaticEditorFlags: 0
  m_IsActive: 1
--- !u!108 &705507994
Light:
  m_ObjectHideFlags: 0
  m_CorrespondingSourceObject: {fileID: 0}
  m_PrefabInstance: {fileID: 0}
  m_PrefabAsset: {fileID: 0}
  m_GameObject: {fileID: 705507993}
  m_Enabled: 1
  serializedVersion: 10
  m_Type: 1
  m_Shape: 0
  m_Color: {r: 1, g: 0.95686275, b: 0.8392157, a: 1}
  m_Intensity: 1
  m_Range: 10
  m_SpotAngle: 30
  m_InnerSpotAngle: 21.80208
  m_CookieSize: 10
  m_Shadows:
    m_Type: 2
    m_Resolution: -1
    m_CustomResolution: -1
    m_Strength: 1
    m_Bias: 0.05
    m_NormalBias: 0.4
    m_NearPlane: 0.2
    m_CullingMatrixOverride:
      e00: 1
      e01: 0
      e02: 0
      e03: 0
      e10: 0
      e11: 1
      e12: 0
      e13: 0
      e20: 0
      e21: 0
      e22: 1
      e23: 0
      e30: 0
      e31: 0
      e32: 0
      e33: 1
    m_UseCullingMatrixOverride: 0
  m_Cookie: {fileID: 0}
  m_DrawHalo: 0
  m_Flare: {fileID: 0}
  m_RenderMode: 0
  m_CullingMask:
    serializedVersion: 2
    m_Bits: 4294967295
  m_RenderingLayerMask: 1
  m_Lightmapping: 1
  m_LightShadowCasterMode: 0
  m_AreaSize: {x: 1, y: 1}
  m_BounceIntensity: 1
  m_ColorTemperature: 6570
  m_UseColorTemperature: 0
  m_BoundingSphereOverride: {x: 0, y: 1.3688e-41, z: 0, w: 0}
  m_UseBoundingSphereOverride: 0
  m_ShadowRadius: 0
  m_ShadowAngle: 0
--- !u!4 &705507995
Transform:
  m_ObjectHideFlags: 0
  m_CorrespondingSourceObject: {fileID: 0}
  m_PrefabInstance: {fileID: 0}
  m_PrefabAsset: {fileID: 0}
  m_GameObject: {fileID: 705507993}
  m_LocalRotation: {x: 0.24510323, y: -0.4861639, z: 0.1534809, w: 0.82462883}
  m_LocalPosition: {x: 10.85, y: 3, z: 0}
  m_LocalScale: {x: 1, y: 1, z: 1}
  m_Children: []
  m_Father: {fileID: 0}
  m_RootOrder: 2
  m_LocalEulerAnglesHint: {x: 33.606, y: -60.736, z: 1.019}
--- !u!43 &890336576
Mesh:
  m_ObjectHideFlags: 0
  m_CorrespondingSourceObject: {fileID: 0}
  m_PrefabInstance: {fileID: 0}
  m_PrefabAsset: {fileID: 0}
  m_Name: pb_Mesh-32950
  serializedVersion: 10
  m_SubMeshes:
  - serializedVersion: 2
    firstByte: 0
    indexCount: 84
    topology: 0
    baseVertex: 0
    firstVertex: 0
    vertexCount: 56
    localAABB:
      m_Center: {x: 0.860064, y: 1.2742614, z: -3.4367294}
      m_Extent: {x: 0.860064, y: 1.2742614, z: 3.4367294}
  m_Shapes:
    vertices: []
    shapes: []
    channels: []
    fullWeights: []
  m_BindPose: []
  m_BoneNameHashes: 
  m_RootBoneNameHash: 0
  m_BonesAABB: []
  m_VariableBoneCountWeights:
    m_Data: 
  m_MeshCompression: 0
  m_IsReadable: 1
  m_KeepVertices: 1
  m_KeepIndices: 1
  m_IndexFormat: 0
  m_IndexBuffer: 000001000200010003000200040005000600050007000600080009000a0009000b000a000c000d000e000d000f000e00100011001200110013001200140015001600150017001600180019001a0018001b0019001c001d001e001c001f001d00200021002200200023002100240025002600240027002500280029002a0028002b0029002c002d002e002c002f002d00300031003200300033003100340035003600340037003500
  m_VertexData:
    serializedVersion: 3
    m_VertexCount: 56
    m_Channels:
    - stream: 0
      offset: 0
      format: 0
      dimension: 3
    - stream: 0
      offset: 12
      format: 0
      dimension: 3
    - stream: 0
      offset: 24
      format: 0
      dimension: 4
    - stream: 0
      offset: 0
      format: 0
      dimension: 0
    - stream: 0
      offset: 40
      format: 0
      dimension: 2
    - stream: 0
      offset: 0
      format: 0
      dimension: 0
    - stream: 0
      offset: 0
      format: 0
      dimension: 0
    - stream: 0
      offset: 0
      format: 0
      dimension: 0
    - stream: 0
      offset: 0
      format: 0
      dimension: 0
    - stream: 0
      offset: 0
      format: 0
      dimension: 0
    - stream: 0
      offset: 0
      format: 0
      dimension: 0
    - stream: 0
      offset: 0
      format: 0
      dimension: 0
    - stream: 0
      offset: 0
      format: 0
      dimension: 0
    - stream: 0
      offset: 0
      format: 0
      dimension: 0
    m_DataSize: 2688
    _typelessdata: 00000000000000000000000000000000000000000000803f000080bf0000000000000000000080bf000000000000000048aea73f000000000000000000000000000000000000803f000080bf0000000000000000000080bfcdcc4cbf00000000000000000000803f0000000000000000000000000000803f000080bf0000000000000000000080bf000000000000803f006cb43fff1a23400000000000000000000000000000803f000080bf0000000000000000000080bf3c4866bfff1a2340282ddc3fd4d9113fb5d911bf0000803f000000000000000000000000000000000000803f000080bfb7d911bfd3d9113f282ddc3f85d4113f9863c9c00000803f000000000000000000000000000000000000803f000080bf9863c9c084d4113f282ddc3f77de084052d211bf0000803f000000000000000000000000000000000000803f000080bf4fd211bf77de0840282ddc3fba7700403590c8c00000803f000000000000000000000000000000000000803f000080bf3590c8c0ba77004048aea73f0000000060f3dbc0000000001bf28d3c2af67fbf0000803f0000000000000000000080bfcdcc4c3f3765ffbd000000000000000060f3dbc0fc65723c1bf20d3cbcec7fbfd3f87f3f5cce89b9e167723c000080bf000000003765ffbd587eb33f9e4d1940509fdac0fc65723c1bf20d3cbcec7fbfd3f87f3f5cce89b9e167723c000080bf946c643f34581140000000000000803f60f3dbc0fc65f23c000000004ee37fbf4be37f3fae420bbaf965f23c000080bf000000009008603f000000000000000060f3dbc0000080bf00000000000000000000000000000000000080bf000080bf60f3db4000000000000000000000000000000000000080bf00000000000000000000000000000000000080bf000080bf0000000000000000000000000000803f60f3dbc0000080bf00000000000000000000000000000000000080bf000080bf60f3db400000803f000000000000803f00000000000080bf00000000000000000000000000000000000080bf000080bf000000000000803f000000000000803f00000000b2503dbf16532c3f000000000000000000000000000080bf000080bf000000007e5c5d3f006cb43fff1a23400000000050e738bf08ea303f2b27f8bbfad0003c299c33bbbafd7fbf000080bf000000002ff42940000000000000803f60f3dbc050e738bf08ea303f2b27f8bbfad0003c299c33bbbafd7fbf000080bf60f3db407e5c5d3f587eb33f9e4d1940509fdac0ef7d34bff980353f2b2778bc43d3813c2381b7bbbdf67fbf000080bf5a9fda40ac3b2140000000000000000060f3dbc000000000000080bf00000000000080bf0000000000000000000080bf0000000060f3dbc048aea73f0000000060f3dbc000000000000080bf00000000000080bf0000000000000000000080bfcdcc4cbf60f3dbc000000000000000000000000000000000000080bf00000000000080bf0000000000000000000080bf000000000000000048aea73f000000000000000000000000000080bf00000000000080bf0000000000000000000080bfcdcc4cbf0000000048aea73f00000000000000007a67e03efa1966bfea5e1035fa1966bf7a67e0be56098933000080bffdb696bf3eec25b68e54b53fd0f7543da441dac07a67e03efa1966bfea5e1035fa1966bf7a67e0be56098933000080bf7ee6a5bfa941dac08037b53fe83a533d1c3b53bd1e6be03e171966bfea5e9035171966bf1e6be0be54090934000080bf49c6a5bfb03d53bd48aea73f0000000060f3dbc0d563e03ede1a66bf00000000dd1a66bfd463e0be00000000000080bffdb696bf65f3dbc08037b53fe83a533d1c3b53bdc032fc3e75e388bc2a4f5e3f0b7c1cbfcbce37bf2673aa3e000080bfac35a5bf30c97c3d006cb43fff1a234000000000c032fc3e75e388bc2a4f5e3f0b7c1cbfcbce37bf2673aa3e000080bf348fa1bf67c7234048aea73f000000000000000092e2e33e3e698ebc9133653f6f3c65bf341b15b463ebe33e000080bf7d2696bf8018263c7487b43f9919234000620dba77410a3fac5d83bcc26a573f4d3c533fbd523fbeca7b08bf0000803f6068a1bf1dc9234048aea73f0000000060f3dbc06ce0fa3ecd646ebb69c55ebf240a5f3fc97365bc7e35fb3e000080bf3af0eabf9ecae0bd7a4cb43fe4441940ab7edac06ce0fa3ecd646ebb69c55ebf240a5f3fc97365bc7e35fb3e000080bfd856ddbf673b12408e54b53fd0f7543da441dac076f4e33e6173acba1e3a65bf2a3a653ffb7cc6b886f4e33e000080bf0eb3dbbf3a966cbd587eb33f9e4d1940509fdac031e6083ff547c3bbb45058bf933d583f5204c0bceae4083f000080bfebfdddbf43411240587eb33f9e4d1940509fdac0eceabd3dfed37e3f329fb7bc43e37e3f7741bebd7aa1d0bb000080bf4e53943f3fb6d8c07487b43f9919234000620dbaeceabd3dfed37e3f329fb7bc43e37e3f7741bebd7aa1d0bb000080bf106b933fe063793d7a4cb43fe4441940ab7edac0fe96c93d34b17e3f6994b7bc95c17e3fdba3c9bdf3df0b37000080bf2822953f9895d8c0006cb43fff1a234000000000db3eb23dc7f67e3ffca9b7bc5f007f3f86dab2bdb3cb4ebc000080bffe4f933f918e7b3d8037b53fe83a533d1c3b53bd19c95c3f429301bfba863938c0e828b8fd779d370000803f000080bf764753bd55f3423f282ddc3f85d4113f9863c9c019c95c3f429301bfba863938c0e828b8fd779d370000803f000080bfb663c9c03562ae3f282ddc3fd4d9113fb5d911bf54bc5c3f04a901bff8b0f0369a750bb7c10f44320000803f000080bfa5da11bf4965ae3f8e54b53fd0f7543da441dac0ded55c3f807d01bfaa7baa380d7a97b8bc6b1d380000803f000080bfbd41dac0de26433f7487b43f9919234000620dba8a405f3f368c89bbd673fa3e247afabed51ff43429465f3f000080bfdfbc2cbf4b1a2340282ddc3fd4d9113fb5d911bf8a405f3f368c89bbd673fa3e247afabed51ff43429465f3f000080bf7150a9bf9ddc113f282ddc3f77de084052d211bf29d9603fe7fc0fb88dc7f43e8dc7f4bee5fc8f2b28d9603f000080bf324da9bf29df08408037b53fe83a533d1c3b53bdeba75d3f39fc08bc1010003f361100bff8197935e7a95d3f000080bf96de38bfc866533d8e54b53fd0f7543da441dac08d5a5e3f32b2ac3b12a3fdbe07a9fd3e14bfe0b8b45f5e3f000080bf7d60a5c08e511d3c282ddc3fba7700403590c8c08d5a5e3f32b2ac3b12a3fdbe07a9fd3e14bfe0b8b45f5e3f000080bfa63391c0fc84fb3f282ddc3f85d4113f9863c9c05ada5c3f60b0143c827001bfdf71013f98b0acb3afdc5c3f000080bf05ea91c0b4fb063f7a4cb43fe4441940ab7edac0c0da5f3f900ec03a2165f8be3b65f83e75a260b9cdda5f3f000080bf85b6a5c03b8d16407a4cb43fe4441940ab7edac0eee8493f9a561d3f05f866bcd08d923c6a70ccb783f57f3f000080bfe3a6d9c00b4d733f282ddc3f77de084052d211bfeee8493f9a561d3f05f866bcd08d923c6a70ccb783f57f3f000080bf0fe809bf8830203f282ddc3fba7700403590c8c0b9074a3f032f1d3fddc167bc83cf923c9fa284307af57f3f000080bf6d8bc7c0513aeb3e7487b43f9919234000620dba24ca493f307e1d3f2d2e66bc1e4c923cb0724cb88ef57f3f000080bf49a4ca3cf6a4923f
  m_CompressedMesh:
    m_Vertices:
      m_NumItems: 0
      m_Range: 0
      m_Start: 0
      m_Data: 
      m_BitSize: 0
    m_UV:
      m_NumItems: 0
      m_Range: 0
      m_Start: 0
      m_Data: 
      m_BitSize: 0
    m_Normals:
      m_NumItems: 0
      m_Range: 0
      m_Start: 0
      m_Data: 
      m_BitSize: 0
    m_Tangents:
      m_NumItems: 0
      m_Range: 0
      m_Start: 0
      m_Data: 
      m_BitSize: 0
    m_Weights:
      m_NumItems: 0
      m_Data: 
      m_BitSize: 0
    m_NormalSigns:
      m_NumItems: 0
      m_Data: 
      m_BitSize: 0
    m_TangentSigns:
      m_NumItems: 0
      m_Data: 
      m_BitSize: 0
    m_FloatColors:
      m_NumItems: 0
      m_Range: 0
      m_Start: 0
      m_Data: 
      m_BitSize: 0
    m_BoneIndices:
      m_NumItems: 0
      m_Data: 
      m_BitSize: 0
    m_Triangles:
      m_NumItems: 0
      m_Data: 
      m_BitSize: 0
    m_UVInfo: 0
  m_LocalAABB:
    m_Center: {x: 0.860064, y: 1.2742614, z: -3.4367294}
    m_Extent: {x: 0.860064, y: 1.2742614, z: 3.4367294}
  m_MeshUsageFlags: 0
  m_BakedConvexCollisionMesh: 
  m_BakedTriangleCollisionMesh: 
  m_MeshMetrics[0]: 1
  m_MeshMetrics[1]: 1
  m_MeshOptimizationFlags: 1
  m_StreamData:
    serializedVersion: 2
    offset: 0
    size: 0
    path: 
--- !u!1 &963194225
GameObject:
  m_ObjectHideFlags: 0
  m_CorrespondingSourceObject: {fileID: 0}
  m_PrefabInstance: {fileID: 0}
  m_PrefabAsset: {fileID: 0}
  serializedVersion: 6
  m_Component:
  - component: {fileID: 963194228}
  - component: {fileID: 963194227}
  - component: {fileID: 963194226}
  m_Layer: 0
  m_Name: Main Camera
  m_TagString: MainCamera
  m_Icon: {fileID: 0}
  m_NavMeshLayer: 0
  m_StaticEditorFlags: 0
  m_IsActive: 1
--- !u!81 &963194226
AudioListener:
  m_ObjectHideFlags: 0
  m_CorrespondingSourceObject: {fileID: 0}
  m_PrefabInstance: {fileID: 0}
  m_PrefabAsset: {fileID: 0}
  m_GameObject: {fileID: 963194225}
  m_Enabled: 1
--- !u!20 &963194227
Camera:
  m_ObjectHideFlags: 0
  m_CorrespondingSourceObject: {fileID: 0}
  m_PrefabInstance: {fileID: 0}
  m_PrefabAsset: {fileID: 0}
  m_GameObject: {fileID: 963194225}
  m_Enabled: 1
  serializedVersion: 2
  m_ClearFlags: 1
  m_BackGroundColor: {r: 0.19215687, g: 0.3019608, b: 0.4745098, a: 0}
  m_projectionMatrixMode: 1
  m_GateFitMode: 2
  m_FOVAxisMode: 0
  m_SensorSize: {x: 36, y: 24}
  m_LensShift: {x: 0, y: 0}
  m_FocalLength: 50
  m_NormalizedViewPortRect:
    serializedVersion: 2
    x: 0
    y: 0
    width: 1
    height: 1
  near clip plane: 0.3
  far clip plane: 1000
  field of view: 60
  orthographic: 0
  orthographic size: 5
  m_Depth: -1
  m_CullingMask:
    serializedVersion: 2
    m_Bits: 4294967295
  m_RenderingPath: -1
  m_TargetTexture: {fileID: 0}
  m_TargetDisplay: 0
  m_TargetEye: 3
  m_HDR: 1
  m_AllowMSAA: 1
  m_AllowDynamicResolution: 0
  m_ForceIntoRT: 0
  m_OcclusionCulling: 1
  m_StereoConvergence: 10
  m_StereoSeparation: 0.022
--- !u!4 &963194228
Transform:
  m_ObjectHideFlags: 0
  m_CorrespondingSourceObject: {fileID: 0}
  m_PrefabInstance: {fileID: 0}
  m_PrefabAsset: {fileID: 0}
  m_GameObject: {fileID: 963194225}
  m_LocalRotation: {x: 0, y: 0, z: 0, w: 1}
  m_LocalPosition: {x: 0, y: 1, z: -5.27}
  m_LocalScale: {x: 1, y: 1, z: 1}
  m_Children: []
  m_Father: {fileID: 0}
  m_RootOrder: 0
  m_LocalEulerAnglesHint: {x: 0, y: 0, z: 0}
--- !u!1 &1128140930
GameObject:
  m_ObjectHideFlags: 0
  m_CorrespondingSourceObject: {fileID: 0}
  m_PrefabInstance: {fileID: 0}
  m_PrefabAsset: {fileID: 0}
  serializedVersion: 6
  m_Component:
  - component: {fileID: 1128140932}
  - component: {fileID: 1128140931}
  m_Layer: 0
  m_Name: Spot Light (5)
  m_TagString: Untagged
  m_Icon: {fileID: 0}
  m_NavMeshLayer: 0
  m_StaticEditorFlags: 0
  m_IsActive: 1
--- !u!108 &1128140931
Light:
  m_ObjectHideFlags: 0
  m_CorrespondingSourceObject: {fileID: 0}
  m_PrefabInstance: {fileID: 0}
  m_PrefabAsset: {fileID: 0}
  m_GameObject: {fileID: 1128140930}
  m_Enabled: 1
  serializedVersion: 10
  m_Type: 0
  m_Shape: 0
  m_Color: {r: 0.9997428, g: 1, b: 0.7971698, a: 1}
  m_Intensity: 1
  m_Range: 10
  m_SpotAngle: 111.08481
  m_InnerSpotAngle: 21.80208
  m_CookieSize: 10
  m_Shadows:
    m_Type: 2
    m_Resolution: -1
    m_CustomResolution: -1
    m_Strength: 1
    m_Bias: 0.05
    m_NormalBias: 0.4
    m_NearPlane: 0.2
    m_CullingMatrixOverride:
      e00: 1
      e01: 0
      e02: 0
      e03: 0
      e10: 0
      e11: 1
      e12: 0
      e13: 0
      e20: 0
      e21: 0
      e22: 1
      e23: 0
      e30: 0
      e31: 0
      e32: 0
      e33: 1
    m_UseCullingMatrixOverride: 0
  m_Cookie: {fileID: 0}
  m_DrawHalo: 0
  m_Flare: {fileID: 0}
  m_RenderMode: 0
  m_CullingMask:
    serializedVersion: 2
    m_Bits: 4294967295
  m_RenderingLayerMask: 1
  m_Lightmapping: 1
  m_LightShadowCasterMode: 0
  m_AreaSize: {x: 1, y: 1}
  m_BounceIntensity: 1
  m_ColorTemperature: 6570
  m_UseColorTemperature: 0
  m_BoundingSphereOverride: {x: 0, y: 0, z: 0, w: 0}
  m_UseBoundingSphereOverride: 0
  m_ShadowRadius: 0.16
  m_ShadowAngle: 0
--- !u!4 &1128140932
Transform:
  m_ObjectHideFlags: 0
  m_CorrespondingSourceObject: {fileID: 0}
  m_PrefabInstance: {fileID: 0}
  m_PrefabAsset: {fileID: 0}
  m_GameObject: {fileID: 1128140930}
  m_LocalRotation: {x: 0.7071068, y: 0, z: 0, w: 0.7071068}
  m_LocalPosition: {x: -9.62, y: 3.15, z: 5.68}
  m_LocalScale: {x: 1, y: 1, z: 1}
  m_Children: []
  m_Father: {fileID: 0}
  m_RootOrder: 8
  m_LocalEulerAnglesHint: {x: 90, y: 0, z: 0}
--- !u!1001 &1346559139
PrefabInstance:
  m_ObjectHideFlags: 0
  serializedVersion: 2
  m_Modification:
    m_TransformParent: {fileID: 0}
    m_Modifications:
    - target: {fileID: -8917884071815348050, guid: 9a7e8ff16b548154dbec7b9d010eb964, type: 3}
      propertyPath: m_StaticEditorFlags
      value: 4294967295
      objectReference: {fileID: 0}
    - target: {fileID: -8679921383154817045, guid: 9a7e8ff16b548154dbec7b9d010eb964, type: 3}
      propertyPath: m_LocalPosition.x
      value: 0
      objectReference: {fileID: 0}
    - target: {fileID: -8679921383154817045, guid: 9a7e8ff16b548154dbec7b9d010eb964, type: 3}
      propertyPath: m_LocalPosition.y
      value: 0
      objectReference: {fileID: 0}
    - target: {fileID: -8679921383154817045, guid: 9a7e8ff16b548154dbec7b9d010eb964, type: 3}
      propertyPath: m_LocalPosition.z
      value: 0
      objectReference: {fileID: 0}
    - target: {fileID: -8679921383154817045, guid: 9a7e8ff16b548154dbec7b9d010eb964, type: 3}
      propertyPath: m_LocalRotation.x
      value: 0
      objectReference: {fileID: 0}
    - target: {fileID: -8679921383154817045, guid: 9a7e8ff16b548154dbec7b9d010eb964, type: 3}
      propertyPath: m_LocalRotation.y
      value: 0
      objectReference: {fileID: 0}
    - target: {fileID: -8679921383154817045, guid: 9a7e8ff16b548154dbec7b9d010eb964, type: 3}
      propertyPath: m_LocalRotation.z
      value: 0
      objectReference: {fileID: 0}
    - target: {fileID: -8679921383154817045, guid: 9a7e8ff16b548154dbec7b9d010eb964, type: 3}
      propertyPath: m_LocalRotation.w
      value: 1
      objectReference: {fileID: 0}
    - target: {fileID: -8679921383154817045, guid: 9a7e8ff16b548154dbec7b9d010eb964, type: 3}
      propertyPath: m_RootOrder
      value: 1
      objectReference: {fileID: 0}
    - target: {fileID: -8679921383154817045, guid: 9a7e8ff16b548154dbec7b9d010eb964, type: 3}
      propertyPath: m_LocalEulerAnglesHint.x
      value: 0
      objectReference: {fileID: 0}
    - target: {fileID: -8679921383154817045, guid: 9a7e8ff16b548154dbec7b9d010eb964, type: 3}
      propertyPath: m_LocalEulerAnglesHint.y
      value: 0
      objectReference: {fileID: 0}
    - target: {fileID: -8679921383154817045, guid: 9a7e8ff16b548154dbec7b9d010eb964, type: 3}
      propertyPath: m_LocalEulerAnglesHint.z
      value: 0
      objectReference: {fileID: 0}
    - target: {fileID: -8574151213106284422, guid: 9a7e8ff16b548154dbec7b9d010eb964, type: 3}
      propertyPath: m_StaticEditorFlags
      value: 4294967295
      objectReference: {fileID: 0}
    - target: {fileID: -7254820153963750256, guid: 9a7e8ff16b548154dbec7b9d010eb964, type: 3}
      propertyPath: m_StaticEditorFlags
      value: 4294967295
      objectReference: {fileID: 0}
    - target: {fileID: -6609008371720080132, guid: 9a7e8ff16b548154dbec7b9d010eb964, type: 3}
      propertyPath: m_StaticEditorFlags
      value: 4294967295
      objectReference: {fileID: 0}
    - target: {fileID: -6332492782491176837, guid: 9a7e8ff16b548154dbec7b9d010eb964, type: 3}
      propertyPath: m_StaticEditorFlags
      value: 4294967295
      objectReference: {fileID: 0}
    - target: {fileID: -6263375598067619911, guid: 9a7e8ff16b548154dbec7b9d010eb964, type: 3}
      propertyPath: m_StaticEditorFlags
      value: 4294967295
      objectReference: {fileID: 0}
    - target: {fileID: -6086949848500394417, guid: 9a7e8ff16b548154dbec7b9d010eb964, type: 3}
      propertyPath: m_StaticEditorFlags
      value: 4294967295
      objectReference: {fileID: 0}
    - target: {fileID: -6023561977071461101, guid: 9a7e8ff16b548154dbec7b9d010eb964, type: 3}
      propertyPath: m_StaticEditorFlags
      value: 4294967295
      objectReference: {fileID: 0}
    - target: {fileID: -4715311579242425901, guid: 9a7e8ff16b548154dbec7b9d010eb964, type: 3}
      propertyPath: m_StaticEditorFlags
      value: 4294967295
      objectReference: {fileID: 0}
    - target: {fileID: -4637102771887637247, guid: 9a7e8ff16b548154dbec7b9d010eb964, type: 3}
      propertyPath: m_StaticEditorFlags
      value: 4294967295
      objectReference: {fileID: 0}
    - target: {fileID: -4507316741419985335, guid: 9a7e8ff16b548154dbec7b9d010eb964, type: 3}
      propertyPath: m_StaticEditorFlags
      value: 4294967295
      objectReference: {fileID: 0}
    - target: {fileID: -4209451312411188179, guid: 9a7e8ff16b548154dbec7b9d010eb964, type: 3}
      propertyPath: m_StaticEditorFlags
      value: 4294967295
      objectReference: {fileID: 0}
    - target: {fileID: -1498071466005499791, guid: 9a7e8ff16b548154dbec7b9d010eb964, type: 3}
      propertyPath: m_StaticEditorFlags
      value: 4294967295
      objectReference: {fileID: 0}
    - target: {fileID: -843261965347112615, guid: 9a7e8ff16b548154dbec7b9d010eb964, type: 3}
      propertyPath: m_StaticEditorFlags
      value: 4294967295
      objectReference: {fileID: 0}
    - target: {fileID: -740074985881713139, guid: 9a7e8ff16b548154dbec7b9d010eb964, type: 3}
      propertyPath: m_StaticEditorFlags
      value: 4294967295
      objectReference: {fileID: 0}
    - target: {fileID: -277737265654928134, guid: 9a7e8ff16b548154dbec7b9d010eb964, type: 3}
      propertyPath: m_StaticEditorFlags
      value: 4294967295
      objectReference: {fileID: 0}
    - target: {fileID: 380412639008036515, guid: 9a7e8ff16b548154dbec7b9d010eb964, type: 3}
      propertyPath: m_StaticEditorFlags
      value: 4294967295
      objectReference: {fileID: 0}
    - target: {fileID: 653709247658725501, guid: 9a7e8ff16b548154dbec7b9d010eb964, type: 3}
      propertyPath: m_StaticEditorFlags
      value: 4294967295
      objectReference: {fileID: 0}
    - target: {fileID: 919132149155446097, guid: 9a7e8ff16b548154dbec7b9d010eb964, type: 3}
      propertyPath: m_Name
      value: Corridor_01
      objectReference: {fileID: 0}
    - target: {fileID: 919132149155446097, guid: 9a7e8ff16b548154dbec7b9d010eb964, type: 3}
      propertyPath: m_StaticEditorFlags
      value: 4294967295
      objectReference: {fileID: 0}
    - target: {fileID: 2550463727306718371, guid: 9a7e8ff16b548154dbec7b9d010eb964, type: 3}
      propertyPath: m_StaticEditorFlags
      value: 4294967295
      objectReference: {fileID: 0}
    - target: {fileID: 2834452149904478141, guid: 9a7e8ff16b548154dbec7b9d010eb964, type: 3}
      propertyPath: m_StaticEditorFlags
      value: 4294967295
      objectReference: {fileID: 0}
    - target: {fileID: 5291649128288537426, guid: 9a7e8ff16b548154dbec7b9d010eb964, type: 3}
      propertyPath: m_StaticEditorFlags
      value: 4294967295
      objectReference: {fileID: 0}
    - target: {fileID: 7904037654895436491, guid: 9a7e8ff16b548154dbec7b9d010eb964, type: 3}
      propertyPath: m_StaticEditorFlags
      value: 4294967295
      objectReference: {fileID: 0}
    - target: {fileID: 8649355742602088607, guid: 9a7e8ff16b548154dbec7b9d010eb964, type: 3}
      propertyPath: m_StaticEditorFlags
      value: 4294967295
      objectReference: {fileID: 0}
    - target: {fileID: 8893301390184315574, guid: 9a7e8ff16b548154dbec7b9d010eb964, type: 3}
      propertyPath: m_StaticEditorFlags
      value: 4294967295
      objectReference: {fileID: 0}
    m_RemovedComponents: []
  m_SourcePrefab: {fileID: 100100000, guid: 9a7e8ff16b548154dbec7b9d010eb964, type: 3}
--- !u!1 &1474374148
GameObject:
  m_ObjectHideFlags: 0
  m_CorrespondingSourceObject: {fileID: 0}
  m_PrefabInstance: {fileID: 0}
  m_PrefabAsset: {fileID: 0}
  serializedVersion: 6
  m_Component:
  - component: {fileID: 1474374153}
  - component: {fileID: 1474374152}
  - component: {fileID: 1474374151}
  - component: {fileID: 1474374150}
  - component: {fileID: 1474374149}
  m_Layer: 0
  m_Name: Cube
  m_TagString: Untagged
  m_Icon: {fileID: 0}
  m_NavMeshLayer: 0
  m_StaticEditorFlags: 0
  m_IsActive: 1
--- !u!64 &1474374149
MeshCollider:
  m_ObjectHideFlags: 0
  m_CorrespondingSourceObject: {fileID: 0}
  m_PrefabInstance: {fileID: 0}
  m_PrefabAsset: {fileID: 0}
  m_GameObject: {fileID: 1474374148}
  m_Material: {fileID: 0}
  m_IsTrigger: 0
  m_Enabled: 1
  serializedVersion: 4
  m_Convex: 0
  m_CookingOptions: 30
  m_Mesh: {fileID: 890336576}
--- !u!114 &1474374150
MonoBehaviour:
  m_ObjectHideFlags: 0
  m_CorrespondingSourceObject: {fileID: 0}
  m_PrefabInstance: {fileID: 0}
  m_PrefabAsset: {fileID: 0}
  m_GameObject: {fileID: 1474374148}
  m_Enabled: 1
  m_EditorHideFlags: 0
  m_Script: {fileID: 11500000, guid: 8233d90336aea43098adf6dbabd606a2, type: 3}
  m_Name: 
  m_EditorClassIdentifier: 
  m_MeshFormatVersion: 1
  m_Faces:
  - m_Indexes: 000000000100000002000000010000000300000002000000
    m_SmoothingGroup: 0
    m_Uv:
      m_UseWorldSpace: 0
      m_FlipU: 0
      m_FlipV: 0
      m_SwapUV: 0
      m_Fill: 1
      m_Scale: {x: 1, y: 1}
      m_Offset: {x: 0, y: 0}
      m_Rotation: 0
      m_Anchor: 9
    m_Material: {fileID: 0}
    m_SubmeshIndex: 0
    m_ManualUV: 1
    elementGroup: -1
    m_TextureGroup: -1
  - m_Indexes: 040000000500000006000000050000000700000006000000
    m_SmoothingGroup: 0
    m_Uv:
      m_UseWorldSpace: 0
      m_FlipU: 0
      m_FlipV: 0
      m_SwapUV: 0
      m_Fill: 1
      m_Scale: {x: 1, y: 1}
      m_Offset: {x: 0, y: 0}
      m_Rotation: 0
      m_Anchor: 9
    m_Material: {fileID: 0}
    m_SubmeshIndex: 0
    m_ManualUV: 1
    elementGroup: -1
    m_TextureGroup: -1
  - m_Indexes: 08000000090000000a000000090000000b0000000a000000
    m_SmoothingGroup: 0
    m_Uv:
      m_UseWorldSpace: 0
      m_FlipU: 0
      m_FlipV: 0
      m_SwapUV: 0
      m_Fill: 1
      m_Scale: {x: 1, y: 1}
      m_Offset: {x: 0, y: 0}
      m_Rotation: 0
      m_Anchor: 9
    m_Material: {fileID: 0}
    m_SubmeshIndex: 0
    m_ManualUV: 1
    elementGroup: -1
    m_TextureGroup: -1
  - m_Indexes: 0c0000000d0000000e0000000d0000000f0000000e000000
    m_SmoothingGroup: 0
    m_Uv:
      m_UseWorldSpace: 0
      m_FlipU: 0
      m_FlipV: 0
      m_SwapUV: 0
      m_Fill: 1
      m_Scale: {x: 1, y: 1}
      m_Offset: {x: 0, y: 0}
      m_Rotation: 0
      m_Anchor: 9
    m_Material: {fileID: 0}
    m_SubmeshIndex: 0
    m_ManualUV: 0
    elementGroup: -1
    m_TextureGroup: -1
  - m_Indexes: 100000001100000012000000110000001300000012000000
    m_SmoothingGroup: 0
    m_Uv:
      m_UseWorldSpace: 0
      m_FlipU: 0
      m_FlipV: 0
      m_SwapUV: 0
      m_Fill: 1
      m_Scale: {x: 1, y: 1}
      m_Offset: {x: 0, y: 0}
      m_Rotation: 0
      m_Anchor: 9
    m_Material: {fileID: 0}
    m_SubmeshIndex: 0
    m_ManualUV: 1
    elementGroup: -1
    m_TextureGroup: -1
  - m_Indexes: 140000001500000016000000150000001700000016000000
    m_SmoothingGroup: 0
    m_Uv:
      m_UseWorldSpace: 0
      m_FlipU: 0
      m_FlipV: 0
      m_SwapUV: 0
      m_Fill: 1
      m_Scale: {x: 1, y: 1}
      m_Offset: {x: 0, y: 0}
      m_Rotation: 0
      m_Anchor: 9
    m_Material: {fileID: 0}
    m_SubmeshIndex: 0
    m_ManualUV: 1
    elementGroup: -1
    m_TextureGroup: -1
  - m_Indexes: 1a00000019000000180000001a0000001b00000019000000
    m_SmoothingGroup: -1
    m_Uv:
      m_UseWorldSpace: 0
      m_FlipU: 0
      m_FlipV: 0
      m_SwapUV: 0
      m_Fill: 1
      m_Scale: {x: 1, y: 1}
      m_Offset: {x: 0, y: 0}
      m_Rotation: 0
      m_Anchor: 9
    m_Material: {fileID: 0}
    m_SubmeshIndex: 0
    m_ManualUV: 1
    elementGroup: -1
    m_TextureGroup: -1
  - m_Indexes: 1e0000001d0000001c0000001e0000001f0000001d000000
    m_SmoothingGroup: -1
    m_Uv:
      m_UseWorldSpace: 0
      m_FlipU: 0
      m_FlipV: 0
      m_SwapUV: 0
      m_Fill: 1
      m_Scale: {x: 1, y: 1}
      m_Offset: {x: 0, y: 0}
      m_Rotation: 0
      m_Anchor: 9
    m_Material: {fileID: 0}
    m_SubmeshIndex: 0
    m_ManualUV: 1
    elementGroup: -1
    m_TextureGroup: -1
  - m_Indexes: 220000002100000020000000220000002300000021000000
    m_SmoothingGroup: -1
    m_Uv:
      m_UseWorldSpace: 0
      m_FlipU: 0
      m_FlipV: 0
      m_SwapUV: 0
      m_Fill: 1
      m_Scale: {x: 1, y: 1}
      m_Offset: {x: 0, y: 0}
      m_Rotation: 0
      m_Anchor: 9
    m_Material: {fileID: 0}
    m_SubmeshIndex: 0
    m_ManualUV: 1
    elementGroup: -1
    m_TextureGroup: -1
  - m_Indexes: 260000002500000024000000260000002700000025000000
    m_SmoothingGroup: -1
    m_Uv:
      m_UseWorldSpace: 0
      m_FlipU: 0
      m_FlipV: 0
      m_SwapUV: 0
      m_Fill: 1
      m_Scale: {x: 1, y: 1}
      m_Offset: {x: 0, y: 0}
      m_Rotation: 0
      m_Anchor: 9
    m_Material: {fileID: 0}
    m_SubmeshIndex: 0
    m_ManualUV: 1
    elementGroup: -1
    m_TextureGroup: -1
  - m_Indexes: 2a00000029000000280000002a0000002b00000029000000
    m_SmoothingGroup: -1
    m_Uv:
      m_UseWorldSpace: 0
      m_FlipU: 0
      m_FlipV: 0
      m_SwapUV: 0
      m_Fill: 1
      m_Scale: {x: 1, y: 1}
      m_Offset: {x: 0, y: 0}
      m_Rotation: 0
      m_Anchor: 9
    m_Material: {fileID: 0}
    m_SubmeshIndex: 0
    m_ManualUV: 0
    elementGroup: -1
    m_TextureGroup: -1
  - m_Indexes: 2e0000002d0000002c0000002e0000002f0000002d000000
    m_SmoothingGroup: -1
    m_Uv:
      m_UseWorldSpace: 0
      m_FlipU: 0
      m_FlipV: 0
      m_SwapUV: 0
      m_Fill: 1
      m_Scale: {x: 1, y: 1}
      m_Offset: {x: 0, y: 0}
      m_Rotation: 0
      m_Anchor: 9
    m_Material: {fileID: 0}
    m_SubmeshIndex: 0
    m_ManualUV: 0
    elementGroup: -1
    m_TextureGroup: -1
  - m_Indexes: 320000003100000030000000320000003300000031000000
    m_SmoothingGroup: -1
    m_Uv:
      m_UseWorldSpace: 0
      m_FlipU: 0
      m_FlipV: 0
      m_SwapUV: 0
      m_Fill: 1
      m_Scale: {x: 1, y: 1}
      m_Offset: {x: 0, y: 0}
      m_Rotation: 0
      m_Anchor: 9
    m_Material: {fileID: 0}
    m_SubmeshIndex: 0
    m_ManualUV: 0
    elementGroup: -1
    m_TextureGroup: -1
  - m_Indexes: 360000003500000034000000360000003700000035000000
    m_SmoothingGroup: -1
    m_Uv:
      m_UseWorldSpace: 0
      m_FlipU: 0
      m_FlipV: 0
      m_SwapUV: 0
      m_Fill: 1
      m_Scale: {x: 1, y: 1}
      m_Offset: {x: 0, y: 0}
      m_Rotation: 0
      m_Anchor: 9
    m_Material: {fileID: 0}
    m_SubmeshIndex: 0
    m_ManualUV: 0
    elementGroup: -1
    m_TextureGroup: -1
  m_SharedVertices:
  - m_Vertices: 000000000d00000016000000
  - m_Vertices: 01000000170000001a0000001c000000
  - m_Vertices: 020000000f00000010000000
  - m_Vertices: 03000000110000001d00000027000000
  - m_Vertices: 04000000280000002d000000
  - m_Vertices: 050000002900000030000000
  - m_Vertices: 060000002c00000035000000
  - m_Vertices: 070000003100000034000000
  - m_Vertices: 08000000150000001b00000022000000
  - m_Vertices: 090000000c00000014000000
  - m_Vertices: 0a000000130000002300000026000000
  - m_Vertices: 0b0000000e00000012000000
  - m_Vertices: 180000001e0000002a0000002f000000
  - m_Vertices: 19000000200000002b00000032000000
  - m_Vertices: 1f000000250000002e00000037000000
  - m_Vertices: 21000000240000003300000036000000
  m_SharedTextures: []
  m_Positions:
  - {x: 0, y: 0, z: 0}
  - {x: 1.3100061, y: 0, z: 0}
  - {x: 0, y: 1, z: 0}
  - {x: 1.4095459, y: 2.5485227, z: 0}
  - {x: 1.720128, y: 0.56973004, z: -0.5697282}
  - {x: 1.720128, y: 0.56964904, z: -6.2934074}
  - {x: 1.720128, y: 2.1385782, z: -0.5696155}
  - {x: 1.720128, y: 2.0073075, z: -6.2676034}
  - {x: 1.3100061, y: 0, z: -6.873459}
  - {x: 0, y: 0, z: -6.873459}
  - {x: 1.4022932, y: 2.3953624, z: -6.8319473}
  - {x: 0, y: 1, z: -6.873459}
  - {x: 0, y: 0, z: -6.873459}
  - {x: 0, y: 0, z: 0}
  - {x: 0, y: 1, z: -6.873459}
  - {x: 0, y: 1, z: 0}
  - {x: 0, y: 1, z: 0}
  - {x: 1.4095459, y: 2.5485227, z: 0}
  - {x: 0, y: 1, z: -6.873459}
  - {x: 1.4022932, y: 2.3953624, z: -6.8319473}
  - {x: 0, y: 0, z: -6.873459}
  - {x: 1.3100061, y: 0, z: -6.873459}
  - {x: 0, y: 0, z: 0}
  - {x: 1.3100061, y: 0, z: 0}
  - {x: 1.4157562, y: 0.05156985, z: -0.051570043}
  - {x: 1.4166429, y: 0.051994145, z: -6.820513}
  - {x: 1.3100061, y: 0, z: 0}
  - {x: 1.3100061, y: 0, z: -6.873459}
  - {x: 1.3100061, y: 0, z: 0}
  - {x: 1.4095459, y: 2.5485227, z: 0}
  - {x: 1.4157562, y: 0.05156985, z: -0.051570043}
  - {x: 1.4103837, y: 2.5484374, z: -0.0005393326}
  - {x: 1.4166429, y: 0.051994145, z: -6.820513}
  - {x: 1.4085839, y: 2.3948298, z: -6.8279624}
  - {x: 1.3100061, y: 0, z: -6.873459}
  - {x: 1.4022932, y: 2.3953624, z: -6.8319473}
  - {x: 1.4085839, y: 2.3948298, z: -6.8279624}
  - {x: 1.4103837, y: 2.5484374, z: -0.0005393326}
  - {x: 1.4022932, y: 2.3953624, z: -6.8319473}
  - {x: 1.4095459, y: 2.5485227, z: 0}
  - {x: 1.720128, y: 0.56973004, z: -0.5697282}
  - {x: 1.720128, y: 0.56964904, z: -6.2934074}
  - {x: 1.4157562, y: 0.05156985, z: -0.051570043}
  - {x: 1.4166429, y: 0.051994145, z: -6.820513}
  - {x: 1.720128, y: 2.1385782, z: -0.5696155}
  - {x: 1.720128, y: 0.56973004, z: -0.5697282}
  - {x: 1.4103837, y: 2.5484374, z: -0.0005393326}
  - {x: 1.4157562, y: 0.05156985, z: -0.051570043}
  - {x: 1.720128, y: 0.56964904, z: -6.2934074}
  - {x: 1.720128, y: 2.0073075, z: -6.2676034}
  - {x: 1.4166429, y: 0.051994145, z: -6.820513}
  - {x: 1.4085839, y: 2.3948298, z: -6.8279624}
  - {x: 1.720128, y: 2.0073075, z: -6.2676034}
  - {x: 1.720128, y: 2.1385782, z: -0.5696155}
  - {x: 1.4085839, y: 2.3948298, z: -6.8279624}
  - {x: 1.4103837, y: 2.5484374, z: -0.0005393326}
  m_Textures0:
  - {x: 0, y: 0}
  - {x: -0.8, y: 0}
  - {x: 0, y: 1}
  - {x: -0.8995397, y: 2.5485227}
  - {x: -0.5697283, y: 0.56973}
  - {x: -6.2934074, y: 0.569649}
  - {x: -0.5696153, y: 2.1385782}
  - {x: -6.2676034, y: 2.0073075}
  - {x: 0.8, y: -0.12470477}
  - {x: 0, y: -0.12470477}
  - {x: 0.8922818, y: 2.2710085}
  - {x: 0, y: 0.87513065}
  - {x: 6.873459, y: 0}
  - {x: 0, y: 0}
  - {x: 6.873459, y: 1}
  - {x: 0, y: 1}
  - {x: 0, y: 0.86469257}
  - {x: 0, y: 2.6555288}
  - {x: 6.873459, y: 0.86469257}
  - {x: 6.831952, y: 2.519267}
  - {x: 0, y: -6.873459}
  - {x: -0.8, y: -6.873459}
  - {x: 0, y: 0}
  - {x: -0.8, y: 0}
  - {x: -1.2951137, y: -0.0515725}
  - {x: -1.2960966, y: -6.820515}
  - {x: -1.1774594, y: -0.0000024724427}
  - {x: -1.1774594, y: -6.8734612}
  - {x: -1.1730496, y: 0.010137677}
  - {x: -1.2621827, y: 2.5590456}
  - {x: -1.2907004, y: 0.061715305}
  - {x: -1.2609978, y: 2.55915}
  - {x: -1.7164018, y: -0.057760455}
  - {x: -1.7292128, y: 2.2848756}
  - {x: -1.8354561, y: -0.10976146}
  - {x: -1.7343115, y: 2.2852333}
  - {x: 1.1651049, y: -6.768261}
  - {x: 1.1517048, y: 0.060886264}
  - {x: 1.1587923, y: -6.772247}
  - {x: 1.1508787, y: 0.06141526}
  - {x: -0.5697425, y: 1.362466}
  - {x: -6.2934217, y: 1.362372}
  - {x: -0.051581822, y: 0.76152545}
  - {x: -6.8205247, y: 0.7623118}
  - {x: -1.3226683, y: 2.1386206}
  - {x: -1.3227674, y: 0.56977254}
  - {x: -0.67475694, y: 2.5484798}
  - {x: -0.7221464, y: 0.05161169}
  - {x: -4.559817, y: 0.5272782}
  - {x: -4.5375547, y: 1.9649959}
  - {x: -5.1680284, y: 0.009601964}
  - {x: -5.17853, y: 2.35237}
  - {x: -6.2357697, y: 0.4594293}
  - {x: -0.5386972, y: 0.6257405}
  - {x: -6.801622, y: 0.95039433}
  - {x: 0.02473654, y: 1.1456592}
  m_Textures2: []
  m_Textures3: []
  m_Tangents:
  - {x: -1, y: 0, z: 0, w: -1}
  - {x: -1, y: 0, z: 0, w: -1}
  - {x: -1, y: 0, z: 0, w: -1}
  - {x: -1, y: 0, z: 0, w: -1}
  - {x: 0, y: 0, z: 1, w: -1}
  - {x: 0, y: 0, z: 1, w: -1}
  - {x: 0, y: 0, z: 1, w: -1}
  - {x: 0, y: 0, z: 1, w: -1}
  - {x: 1, y: 0, z: 0, w: -1}
  - {x: 0.9998905, y: -0.00026284426, z: 0.0147952745, w: -1}
  - {x: 0.9998905, y: -0.00026284426, z: 0.0147952745, w: -1}
  - {x: 0.99956197, y: -0.0005312365, z: 0.02958964, w: -1}
  - {x: 0, y: 0, z: -1, w: -1}
  - {x: 0, y: 0, z: -1, w: -1}
  - {x: 0, y: 0, z: -1, w: -1}
  - {x: 0, y: 0, z: -1, w: -1}
  - {x: 0, y: 0, z: -1, w: -1}
  - {x: 0.007862324, y: -0.002740631, z: -0.9999653, w: -1}
  - {x: 0.007862324, y: -0.002740631, z: -0.9999653, w: -1}
  - {x: 0.015847808, y: -0.005600111, z: -0.9998587, w: -1}
  - {x: -1, y: 0, z: 0, w: -1}
  - {x: -1, y: 0, z: 0, w: -1}
  - {x: -1, y: 0, z: 0, w: -1}
  - {x: -1, y: 0, z: 0, w: -1}
  - {x: -0.89882034, y: -0.43831724, z: 0.00000012762513, w: -1}
  - {x: -0.8988339, y: -0.43828946, z: 0.00000006381258, w: -1}
  - {x: -0.8988339, y: -0.43828946, z: 0.00000006381258, w: -1}
  - {x: -0.8988474, y: -0.43826163, z: 0, w: -1}
  - {x: -0.8954534, y: -0.00000013886603, z: 0.44515523, w: -1}
  - {x: -0.61126775, y: -0.71799916, z: 0.33290976, w: -1}
  - {x: -0.61126775, y: -0.71799916, z: 0.33290976, w: -1}
  - {x: 0.82513887, y: -0.18683906, z: -0.5331389, w: 1}
  - {x: 0.89541876, y: -0.00009464655, z: 0.44522494, w: -1}
  - {x: 0.8712485, y: -0.014004656, z: 0.4906425, w: -1}
  - {x: 0.8712485, y: -0.014004656, z: 0.4906425, w: -1}
  - {x: 0.84468955, y: -0.02343956, z: 0.53474295, w: -1}
  - {x: 0.9951413, y: -0.09845706, z: 0.000008337188, w: -1}
  - {x: 0.99565524, y: -0.0928983, z: -0.0063669058, w: -1}
  - {x: 0.99565524, y: -0.0928983, z: -0.0063669058, w: -1}
  - {x: 0.9960994, y: -0.08733086, z: -0.012621808, w: -1}
  - {x: -0.000008312427, y: 0.000000011412284, z: 1, w: -1}
  - {x: -0.000040271087, y: 0.000018771732, z: 1, w: -1}
  - {x: -0.000040271087, y: 0.000018771732, z: 1, w: -1}
  - {x: -0.00007222975, y: 0.000037532052, z: 1, w: -1}
  - {x: -0.47808495, y: 1.0230953e-12, z: 0.87831354, w: -1}
  - {x: -0.4892131, y: 0.00000045471702, z: 0.8721643, w: -1}
  - {x: -0.4892131, y: 0.00000045471702, z: 0.8721643, w: -1}
  - {x: -0.5002626, y: 0.0000009279752, z: 0.86587375, w: -1}
  - {x: 0.5056438, y: -0.000000080414964, z: 0.86274236, w: -1}
  - {x: 0.4954302, y: -0.000107167434, z: 0.8686478, w: -1}
  - {x: 0.4954302, y: -0.000107167434, z: 0.8686478, w: -1}
  - {x: 0.48514733, y: -0.00021422825, z: 0.8744324, w: -1}
  - {x: 0.017921215, y: 9.650484e-10, z: 0.9998394, w: -1}
  - {x: 0.017889887, y: -0.000024371042, z: 0.99983996, w: -1}
  - {x: 0.017889887, y: -0.000024371042, z: 0.99983996, w: -1}
  - {x: 0.017858561, y: -0.0000487442, z: 0.9998406, w: -1}
  m_Colors: []
  m_UnwrapParameters:
    m_HardAngle: 88
    m_PackMargin: 20
    m_AngleError: 8
    m_AreaError: 15
  m_PreserveMeshAssetOnDestroy: 0
  assetGuid: 
  m_IsSelectable: 1
  m_SelectedFaces: 04000000
  m_SelectedEdges:
  - a: 16
    b: 17
  - a: 18
    b: 16
  - a: 17
    b: 19
  - a: 19
    b: 18
  m_SelectedVertices: 10000000110000001200000013000000
--- !u!23 &1474374151
MeshRenderer:
  m_ObjectHideFlags: 0
  m_CorrespondingSourceObject: {fileID: 0}
  m_PrefabInstance: {fileID: 0}
  m_PrefabAsset: {fileID: 0}
  m_GameObject: {fileID: 1474374148}
  m_Enabled: 1
  m_CastShadows: 1
  m_ReceiveShadows: 1
  m_DynamicOccludee: 1
  m_MotionVectors: 1
  m_LightProbeUsage: 1
  m_ReflectionProbeUsage: 1
  m_RayTracingMode: 2
  m_RayTraceProcedural: 0
  m_RenderingLayerMask: 1
  m_RendererPriority: 0
  m_Materials:
  - {fileID: 2100000, guid: c22777d6e868e4f2fb421913386b154e, type: 2}
  m_StaticBatchInfo:
    firstSubMesh: 0
    subMeshCount: 0
  m_StaticBatchRoot: {fileID: 0}
  m_ProbeAnchor: {fileID: 0}
  m_LightProbeVolumeOverride: {fileID: 0}
  m_ScaleInLightmap: 1
  m_ReceiveGI: 1
  m_PreserveUVs: 0
  m_IgnoreNormalsForChartDetection: 0
  m_ImportantGI: 0
  m_StitchLightmapSeams: 1
  m_SelectedEditorRenderState: 2
  m_MinimumChartSize: 4
  m_AutoUVMaxDistance: 0.5
  m_AutoUVMaxAngle: 89
  m_LightmapParameters: {fileID: 0}
  m_SortingLayerID: 0
  m_SortingLayer: 0
  m_SortingOrder: 0
  m_AdditionalVertexStreams: {fileID: 0}
--- !u!33 &1474374152
MeshFilter:
  m_ObjectHideFlags: 0
  m_CorrespondingSourceObject: {fileID: 0}
  m_PrefabInstance: {fileID: 0}
  m_PrefabAsset: {fileID: 0}
  m_GameObject: {fileID: 1474374148}
  m_Mesh: {fileID: 890336576}
--- !u!4 &1474374153
Transform:
  m_ObjectHideFlags: 0
  m_CorrespondingSourceObject: {fileID: 0}
  m_PrefabInstance: {fileID: 0}
  m_PrefabAsset: {fileID: 0}
  m_GameObject: {fileID: 1474374148}
  m_LocalRotation: {x: 0, y: 0, z: 0, w: 1}
  m_LocalPosition: {x: 9.844424, y: -2.0312579, z: 11.875861}
  m_LocalScale: {x: 1, y: 1, z: 1}
  m_Children: []
  m_Father: {fileID: 0}
  m_RootOrder: 12
  m_LocalEulerAnglesHint: {x: 0, y: 0, z: 0}
--- !u!1 &1486505906
GameObject:
  m_ObjectHideFlags: 0
  m_CorrespondingSourceObject: {fileID: 0}
  m_PrefabInstance: {fileID: 0}
  m_PrefabAsset: {fileID: 0}
  serializedVersion: 6
  m_Component:
  - component: {fileID: 1486505908}
  - component: {fileID: 1486505907}
  m_Layer: 0
  m_Name: Light Probe Group
  m_TagString: Untagged
  m_Icon: {fileID: 0}
  m_NavMeshLayer: 0
  m_StaticEditorFlags: 0
  m_IsActive: 1
--- !u!220 &1486505907
LightProbeGroup:
  m_ObjectHideFlags: 0
  m_CorrespondingSourceObject: {fileID: 0}
  m_PrefabInstance: {fileID: 0}
  m_PrefabAsset: {fileID: 0}
  m_GameObject: {fileID: 1486505906}
  m_Enabled: 1
  m_SourcePositions:
  - {x: -0.033479244, y: 1, z: 9.172564}
  - {x: -0.033479244, y: 1, z: 7.1725636}
  - {x: -0.033479244, y: -1, z: 9.172564}
  - {x: -0.033479244, y: -1, z: 7.1725636}
  - {x: -1, y: 1, z: 9.172564}
  - {x: -1, y: 1, z: 7.1725636}
  - {x: -1, y: -1, z: 9.172564}
  - {x: -1, y: -1, z: 7.1725636}
  - {x: -0.033479244, y: 1, z: 1}
  - {x: -0.033479244, y: 1, z: -1}
  - {x: -0.033479244, y: -1, z: 1}
  - {x: -0.033479244, y: -1, z: -1}
  - {x: -1, y: 1, z: 1}
  - {x: -1, y: 1, z: -1}
  - {x: -1, y: -1, z: 1}
  - {x: -1, y: -1, z: -1}
  - {x: -0.033479244, y: 1, z: 4.884852}
  - {x: -0.033479244, y: 1, z: 2.884852}
  - {x: -0.033479244, y: -1, z: 4.884852}
  - {x: -0.033479244, y: -1, z: 2.884852}
  - {x: -1, y: 1, z: 4.884852}
  - {x: -1, y: 1, z: 2.884852}
  - {x: -1, y: -1, z: 4.884852}
  - {x: -1, y: -1, z: 2.884852}
  - {x: 1, y: 1, z: 9.172564}
  - {x: 1, y: 1, z: 7.1725636}
  - {x: 1, y: -1, z: 9.172564}
  - {x: 1, y: -1, z: 7.1725636}
  - {x: 1, y: 1, z: 1}
  - {x: 1, y: 1, z: -1}
  - {x: 1, y: -1, z: 1}
  - {x: 1, y: -1, z: -1}
  - {x: 1, y: 1, z: 4.884852}
  - {x: 1, y: 1, z: 2.884852}
  - {x: 1, y: -1, z: 4.884852}
  - {x: 1, y: -1, z: 2.884852}
  m_Dering: 1
--- !u!4 &1486505908
Transform:
  m_ObjectHideFlags: 0
  m_CorrespondingSourceObject: {fileID: 0}
  m_PrefabInstance: {fileID: 0}
  m_PrefabAsset: {fileID: 0}
  m_GameObject: {fileID: 1486505906}
  m_LocalRotation: {x: 0, y: 0, z: 0, w: 1}
  m_LocalPosition: {x: 0.03, y: 1.68, z: -4.23}
  m_LocalScale: {x: 1, y: 1, z: 1}
  m_Children: []
  m_Father: {fileID: 0}
  m_RootOrder: 11
  m_LocalEulerAnglesHint: {x: 0, y: 0, z: 0}
--- !u!1 &1515189857
GameObject:
  m_ObjectHideFlags: 0
  m_CorrespondingSourceObject: {fileID: 0}
  m_PrefabInstance: {fileID: 0}
  m_PrefabAsset: {fileID: 0}
  serializedVersion: 6
  m_Component:
  - component: {fileID: 1515189859}
  - component: {fileID: 1515189858}
  m_Layer: 0
  m_Name: Spot Light (2)
  m_TagString: Untagged
  m_Icon: {fileID: 0}
  m_NavMeshLayer: 0
  m_StaticEditorFlags: 0
  m_IsActive: 1
--- !u!108 &1515189858
Light:
  m_ObjectHideFlags: 0
  m_CorrespondingSourceObject: {fileID: 0}
  m_PrefabInstance: {fileID: 0}
  m_PrefabAsset: {fileID: 0}
  m_GameObject: {fileID: 1515189857}
  m_Enabled: 1
  serializedVersion: 10
  m_Type: 0
  m_Shape: 0
  m_Color: {r: 0.9997428, g: 1, b: 0.7971698, a: 1}
  m_Intensity: 1
  m_Range: 10
  m_SpotAngle: 111.08481
  m_InnerSpotAngle: 21.80208
  m_CookieSize: 10
  m_Shadows:
    m_Type: 2
    m_Resolution: -1
    m_CustomResolution: -1
    m_Strength: 1
    m_Bias: 0.05
    m_NormalBias: 0.4
    m_NearPlane: 0.2
    m_CullingMatrixOverride:
      e00: 1
      e01: 0
      e02: 0
      e03: 0
      e10: 0
      e11: 1
      e12: 0
      e13: 0
      e20: 0
      e21: 0
      e22: 1
      e23: 0
      e30: 0
      e31: 0
      e32: 0
      e33: 1
    m_UseCullingMatrixOverride: 0
  m_Cookie: {fileID: 0}
  m_DrawHalo: 0
  m_Flare: {fileID: 0}
  m_RenderMode: 0
  m_CullingMask:
    serializedVersion: 2
    m_Bits: 4294967295
  m_RenderingLayerMask: 1
  m_Lightmapping: 1
  m_LightShadowCasterMode: 0
  m_AreaSize: {x: 1, y: 1}
  m_BounceIntensity: 1
  m_ColorTemperature: 6570
  m_UseColorTemperature: 0
  m_BoundingSphereOverride: {x: 7.13e-43, y: 9.4e-44, z: 0, w: 9.3100416e-10}
  m_UseBoundingSphereOverride: 0
  m_ShadowRadius: 0.16
  m_ShadowAngle: 0
--- !u!4 &1515189859
Transform:
  m_ObjectHideFlags: 0
  m_CorrespondingSourceObject: {fileID: 0}
  m_PrefabInstance: {fileID: 0}
  m_PrefabAsset: {fileID: 0}
  m_GameObject: {fileID: 1515189857}
  m_LocalRotation: {x: 0.7071068, y: 0, z: 0, w: 0.7071068}
  m_LocalPosition: {x: -0.26, y: 3.15, z: 5.68}
  m_LocalScale: {x: 1, y: 1, z: 1}
  m_Children: []
  m_Father: {fileID: 0}
  m_RootOrder: 5
  m_LocalEulerAnglesHint: {x: 90, y: 0, z: 0}
--- !u!1 &1621714887
GameObject:
  m_ObjectHideFlags: 0
  m_CorrespondingSourceObject: {fileID: 0}
  m_PrefabInstance: {fileID: 0}
  m_PrefabAsset: {fileID: 0}
  serializedVersion: 6
  m_Component:
  - component: {fileID: 1621714889}
  - component: {fileID: 1621714888}
  m_Layer: 0
  m_Name: Spot Light (4)
  m_TagString: Untagged
  m_Icon: {fileID: 0}
  m_NavMeshLayer: 0
  m_StaticEditorFlags: 0
  m_IsActive: 1
--- !u!108 &1621714888
Light:
  m_ObjectHideFlags: 0
  m_CorrespondingSourceObject: {fileID: 0}
  m_PrefabInstance: {fileID: 0}
  m_PrefabAsset: {fileID: 0}
  m_GameObject: {fileID: 1621714887}
  m_Enabled: 1
  serializedVersion: 10
  m_Type: 0
  m_Shape: 0
  m_Color: {r: 0.9997428, g: 1, b: 0.7971698, a: 1}
  m_Intensity: 1
  m_Range: 10
  m_SpotAngle: 111.08481
  m_InnerSpotAngle: 21.80208
  m_CookieSize: 10
  m_Shadows:
    m_Type: 2
    m_Resolution: -1
    m_CustomResolution: -1
    m_Strength: 1
    m_Bias: 0.05
    m_NormalBias: 0.4
    m_NearPlane: 0.2
    m_CullingMatrixOverride:
      e00: 1
      e01: 0
      e02: 0
      e03: 0
      e10: 0
      e11: 1
      e12: 0
      e13: 0
      e20: 0
      e21: 0
      e22: 1
      e23: 0
      e30: 0
      e31: 0
      e32: 0
      e33: 1
    m_UseCullingMatrixOverride: 0
  m_Cookie: {fileID: 0}
  m_DrawHalo: 0
  m_Flare: {fileID: 0}
  m_RenderMode: 0
  m_CullingMask:
    serializedVersion: 2
    m_Bits: 4294967295
  m_RenderingLayerMask: 1
  m_Lightmapping: 1
  m_LightShadowCasterMode: 0
  m_AreaSize: {x: 1, y: 1}
  m_BounceIntensity: 1
  m_ColorTemperature: 6570
  m_UseColorTemperature: 0
  m_BoundingSphereOverride: {x: 0, y: 0, z: 0, w: 0}
  m_UseBoundingSphereOverride: 0
  m_ShadowRadius: 0.16
  m_ShadowAngle: 0
--- !u!4 &1621714889
Transform:
  m_ObjectHideFlags: 0
  m_CorrespondingSourceObject: {fileID: 0}
  m_PrefabInstance: {fileID: 0}
  m_PrefabAsset: {fileID: 0}
  m_GameObject: {fileID: 1621714887}
  m_LocalRotation: {x: 0.7071068, y: 0, z: 0, w: 0.7071068}
  m_LocalPosition: {x: -4.7, y: 3.15, z: 8.73}
  m_LocalScale: {x: 1, y: 1, z: 1}
  m_Children: []
  m_Father: {fileID: 0}
  m_RootOrder: 7
  m_LocalEulerAnglesHint: {x: 90, y: 0, z: 0}
--- !u!1 &1702766044
GameObject:
  m_ObjectHideFlags: 0
  m_CorrespondingSourceObject: {fileID: 0}
  m_PrefabInstance: {fileID: 0}
  m_PrefabAsset: {fileID: 0}
  serializedVersion: 6
  m_Component:
  - component: {fileID: 1702766046}
  - component: {fileID: 1702766045}
  m_Layer: 0
  m_Name: Spot Light (6)
  m_TagString: Untagged
  m_Icon: {fileID: 0}
  m_NavMeshLayer: 0
  m_StaticEditorFlags: 0
  m_IsActive: 1
--- !u!108 &1702766045
Light:
  m_ObjectHideFlags: 0
  m_CorrespondingSourceObject: {fileID: 0}
  m_PrefabInstance: {fileID: 0}
  m_PrefabAsset: {fileID: 0}
  m_GameObject: {fileID: 1702766044}
  m_Enabled: 1
  serializedVersion: 10
  m_Type: 0
  m_Shape: 0
  m_Color: {r: 0.9997428, g: 1, b: 0.7971698, a: 1}
  m_Intensity: 1
  m_Range: 10
  m_SpotAngle: 111.08481
  m_InnerSpotAngle: 21.80208
  m_CookieSize: 10
  m_Shadows:
    m_Type: 2
    m_Resolution: -1
    m_CustomResolution: -1
    m_Strength: 1
    m_Bias: 0.05
    m_NormalBias: 0.4
    m_NearPlane: 0.2
    m_CullingMatrixOverride:
      e00: 1
      e01: 0
      e02: 0
      e03: 0
      e10: 0
      e11: 1
      e12: 0
      e13: 0
      e20: 0
      e21: 0
      e22: 1
      e23: 0
      e30: 0
      e31: 0
      e32: 0
      e33: 1
    m_UseCullingMatrixOverride: 0
  m_Cookie: {fileID: 0}
  m_DrawHalo: 0
  m_Flare: {fileID: 0}
  m_RenderMode: 0
  m_CullingMask:
    serializedVersion: 2
    m_Bits: 4294967295
  m_RenderingLayerMask: 1
  m_Lightmapping: 1
  m_LightShadowCasterMode: 0
  m_AreaSize: {x: 1, y: 1}
  m_BounceIntensity: 1
  m_ColorTemperature: 6570
  m_UseColorTemperature: 0
  m_BoundingSphereOverride: {x: 0, y: 9.181e-42, z: 0, w: 9.403955e-38}
  m_UseBoundingSphereOverride: 0
  m_ShadowRadius: 0.16
  m_ShadowAngle: 0
--- !u!4 &1702766046
Transform:
  m_ObjectHideFlags: 0
  m_CorrespondingSourceObject: {fileID: 0}
  m_PrefabInstance: {fileID: 0}
  m_PrefabAsset: {fileID: 0}
  m_GameObject: {fileID: 1702766044}
  m_LocalRotation: {x: 0.7071068, y: 0, z: 0, w: 0.7071068}
  m_LocalPosition: {x: -9.62, y: 3.15, z: 9.32}
  m_LocalScale: {x: 1, y: 1, z: 1}
  m_Children: []
  m_Father: {fileID: 0}
  m_RootOrder: 9
  m_LocalEulerAnglesHint: {x: 90, y: 0, z: 0}
--- !u!1 &1777458203
GameObject:
  m_ObjectHideFlags: 0
  m_CorrespondingSourceObject: {fileID: 0}
  m_PrefabInstance: {fileID: 0}
  m_PrefabAsset: {fileID: 0}
  serializedVersion: 6
  m_Component:
  - component: {fileID: 1777458205}
  - component: {fileID: 1777458204}
  m_Layer: 0
  m_Name: Spot Light
  m_TagString: Untagged
  m_Icon: {fileID: 0}
  m_NavMeshLayer: 0
  m_StaticEditorFlags: 0
  m_IsActive: 1
--- !u!108 &1777458204
Light:
  m_ObjectHideFlags: 0
  m_CorrespondingSourceObject: {fileID: 0}
  m_PrefabInstance: {fileID: 0}
  m_PrefabAsset: {fileID: 0}
  m_GameObject: {fileID: 1777458203}
  m_Enabled: 1
  serializedVersion: 10
  m_Type: 0
  m_Shape: 0
  m_Color: {r: 0.9997428, g: 1, b: 0.7971698, a: 1}
  m_Intensity: 1
  m_Range: 10
  m_SpotAngle: 111.08481
  m_InnerSpotAngle: 21.80208
  m_CookieSize: 10
  m_Shadows:
    m_Type: 2
    m_Resolution: -1
    m_CustomResolution: -1
    m_Strength: 1
    m_Bias: 0.05
    m_NormalBias: 0.4
    m_NearPlane: 0.2
    m_CullingMatrixOverride:
      e00: 1
      e01: 0
      e02: 0
      e03: 0
      e10: 0
      e11: 1
      e12: 0
      e13: 0
      e20: 0
      e21: 0
      e22: 1
      e23: 0
      e30: 0
      e31: 0
      e32: 0
      e33: 1
    m_UseCullingMatrixOverride: 0
  m_Cookie: {fileID: 0}
  m_DrawHalo: 0
  m_Flare: {fileID: 0}
  m_RenderMode: 0
  m_CullingMask:
    serializedVersion: 2
    m_Bits: 4294967295
  m_RenderingLayerMask: 1
  m_Lightmapping: 1
  m_LightShadowCasterMode: 0
  m_AreaSize: {x: 1, y: 1}
  m_BounceIntensity: 1
  m_ColorTemperature: 6570
  m_UseColorTemperature: 0
  m_BoundingSphereOverride: {x: 0, y: 1.7275e-41, z: 0, w: NaN}
  m_UseBoundingSphereOverride: 0
  m_ShadowRadius: 0.16
  m_ShadowAngle: 0
--- !u!4 &1777458205
Transform:
  m_ObjectHideFlags: 0
  m_CorrespondingSourceObject: {fileID: 0}
  m_PrefabInstance: {fileID: 0}
  m_PrefabAsset: {fileID: 0}
  m_GameObject: {fileID: 1777458203}
  m_LocalRotation: {x: 0.7071068, y: 0, z: 0, w: 0.7071068}
  m_LocalPosition: {x: -0.26, y: 3.15, z: 0.33209443}
  m_LocalScale: {x: 1, y: 1, z: 1}
  m_Children: []
  m_Father: {fileID: 0}
  m_RootOrder: 3
  m_LocalEulerAnglesHint: {x: 90, y: 0, z: 0}
--- !u!1 &1785014852
GameObject:
  m_ObjectHideFlags: 0
  m_CorrespondingSourceObject: {fileID: 0}
  m_PrefabInstance: {fileID: 0}
  m_PrefabAsset: {fileID: 0}
  serializedVersion: 6
  m_Component:
  - component: {fileID: 1785014856}
  - component: {fileID: 1785014855}
  - component: {fileID: 1785014854}
  - component: {fileID: 1785014853}
  m_Layer: 0
  m_Name: Cube
  m_TagString: Untagged
  m_Icon: {fileID: 0}
  m_NavMeshLayer: 0
  m_StaticEditorFlags: 0
  m_IsActive: 1
--- !u!65 &1785014853
BoxCollider:
  m_ObjectHideFlags: 0
  m_CorrespondingSourceObject: {fileID: 0}
  m_PrefabInstance: {fileID: 0}
  m_PrefabAsset: {fileID: 0}
  m_GameObject: {fileID: 1785014852}
  m_Material: {fileID: 0}
  m_IsTrigger: 0
  m_Enabled: 1
  serializedVersion: 2
  m_Size: {x: 1, y: 1, z: 1}
  m_Center: {x: 0, y: 0, z: 0}
--- !u!23 &1785014854
MeshRenderer:
  m_ObjectHideFlags: 0
  m_CorrespondingSourceObject: {fileID: 0}
  m_PrefabInstance: {fileID: 0}
  m_PrefabAsset: {fileID: 0}
  m_GameObject: {fileID: 1785014852}
  m_Enabled: 1
  m_CastShadows: 1
  m_ReceiveShadows: 1
  m_DynamicOccludee: 1
  m_MotionVectors: 1
  m_LightProbeUsage: 1
  m_ReflectionProbeUsage: 1
  m_RayTracingMode: 2
  m_RayTraceProcedural: 0
  m_RenderingLayerMask: 1
  m_RendererPriority: 0
  m_Materials:
  - {fileID: 10303, guid: 0000000000000000f000000000000000, type: 0}
  m_StaticBatchInfo:
    firstSubMesh: 0
    subMeshCount: 0
  m_StaticBatchRoot: {fileID: 0}
  m_ProbeAnchor: {fileID: 0}
  m_LightProbeVolumeOverride: {fileID: 0}
  m_ScaleInLightmap: 1
  m_ReceiveGI: 1
  m_PreserveUVs: 0
  m_IgnoreNormalsForChartDetection: 0
  m_ImportantGI: 0
  m_StitchLightmapSeams: 1
  m_SelectedEditorRenderState: 3
  m_MinimumChartSize: 4
  m_AutoUVMaxDistance: 0.5
  m_AutoUVMaxAngle: 89
  m_LightmapParameters: {fileID: 0}
  m_SortingLayerID: 0
  m_SortingLayer: 0
  m_SortingOrder: 0
  m_AdditionalVertexStreams: {fileID: 0}
--- !u!33 &1785014855
MeshFilter:
  m_ObjectHideFlags: 0
  m_CorrespondingSourceObject: {fileID: 0}
  m_PrefabInstance: {fileID: 0}
  m_PrefabAsset: {fileID: 0}
  m_GameObject: {fileID: 1785014852}
  m_Mesh: {fileID: 10202, guid: 0000000000000000e000000000000000, type: 0}
--- !u!4 &1785014856
Transform:
  m_ObjectHideFlags: 0
  m_CorrespondingSourceObject: {fileID: 0}
  m_PrefabInstance: {fileID: 0}
  m_PrefabAsset: {fileID: 0}
  m_GameObject: {fileID: 1785014852}
  m_LocalRotation: {x: 0, y: 0, z: 0, w: 1}
  m_LocalPosition: {x: -0.13, y: 1.12, z: 2.09}
  m_LocalScale: {x: 1, y: 1, z: 1}
  m_Children: []
  m_Father: {fileID: 0}
  m_RootOrder: 10
  m_LocalEulerAnglesHint: {x: 0, y: 0, z: 0}
--- !u!1 &1793578684
GameObject:
  m_ObjectHideFlags: 0
  m_CorrespondingSourceObject: {fileID: 0}
  m_PrefabInstance: {fileID: 0}
  m_PrefabAsset: {fileID: 0}
  serializedVersion: 6
  m_Component:
  - component: {fileID: 1793578686}
  - component: {fileID: 1793578685}
  m_Layer: 0
  m_Name: Spot Light (3)
  m_TagString: Untagged
  m_Icon: {fileID: 0}
  m_NavMeshLayer: 0
  m_StaticEditorFlags: 0
  m_IsActive: 1
--- !u!108 &1793578685
Light:
  m_ObjectHideFlags: 0
  m_CorrespondingSourceObject: {fileID: 0}
  m_PrefabInstance: {fileID: 0}
  m_PrefabAsset: {fileID: 0}
  m_GameObject: {fileID: 1793578684}
  m_Enabled: 1
  serializedVersion: 10
  m_Type: 0
  m_Shape: 0
  m_Color: {r: 0.9997428, g: 1, b: 0.7971698, a: 1}
  m_Intensity: 1
  m_Range: 10
  m_SpotAngle: 111.08481
  m_InnerSpotAngle: 21.80208
  m_CookieSize: 10
  m_Shadows:
    m_Type: 2
    m_Resolution: -1
    m_CustomResolution: -1
    m_Strength: 1
    m_Bias: 0.05
    m_NormalBias: 0.4
    m_NearPlane: 0.2
    m_CullingMatrixOverride:
      e00: 1
      e01: 0
      e02: 0
      e03: 0
      e10: 0
      e11: 1
      e12: 0
      e13: 0
      e20: 0
      e21: 0
      e22: 1
      e23: 0
      e30: 0
      e31: 0
      e32: 0
      e33: 1
    m_UseCullingMatrixOverride: 0
  m_Cookie: {fileID: 0}
  m_DrawHalo: 0
  m_Flare: {fileID: 0}
  m_RenderMode: 0
  m_CullingMask:
    serializedVersion: 2
    m_Bits: 4294967295
  m_RenderingLayerMask: 1
  m_Lightmapping: 1
  m_LightShadowCasterMode: 0
  m_AreaSize: {x: 1, y: 1}
  m_BounceIntensity: 1
  m_ColorTemperature: 6570
  m_UseColorTemperature: 0
  m_BoundingSphereOverride: {x: 0, y: 0, z: 0, w: 0}
  m_UseBoundingSphereOverride: 0
  m_ShadowRadius: 0.16
  m_ShadowAngle: 0
--- !u!4 &1793578686
Transform:
  m_ObjectHideFlags: 0
  m_CorrespondingSourceObject: {fileID: 0}
  m_PrefabInstance: {fileID: 0}
  m_PrefabAsset: {fileID: 0}
  m_GameObject: {fileID: 1793578684}
  m_LocalRotation: {x: 0.7071068, y: 0, z: 0, w: 0.7071068}
  m_LocalPosition: {x: -4.7, y: 3.15, z: 5.68}
  m_LocalScale: {x: 1, y: 1, z: 1}
  m_Children: []
  m_Father: {fileID: 0}
  m_RootOrder: 6
  m_LocalEulerAnglesHint: {x: 90, y: 0, z: 0}
